 @misc{corpus,
 title = {Corpus for training and evaluating diacritics restoration systems},
 author = {N{\'a}plava, Jakub and Straka, Milan and Haji{\v c}, Jan and Stra{\v n}{\'a}k, Pavel},
 url = {http://hdl.handle.net/11234/1-2607},
 note = {{LINDAT}/{CLARIN} digital library at the Institute of Formal and Applied Linguistics ({{\'U}FAL}), Faculty of Mathematics and Physics, Charles University},
 copyright = {Creative Commons - Attribution-{NonCommercial}-{ShareAlike} 4.0 International ({CC} {BY}-{NC}-{SA} 4.0)},
 year = {2018} },

@inproceedings{naplava,
  author = {N{\'a}plava, Jakub and Straka, Milan and Haji{\v c}, Jan and Stra{\v n}{\'a}k, Pavel},
  title = "{Diacritics Restoration Using Neural Networks}",
  booktitle = {Proceedings of the Eleventh International Conference on Language Resources and Evaluation (LREC 2018)},
  year = {2018},
  month = {May 7-12, 2018},
  address = {Miyazaki, Japan},
  editor = {Nicoletta Calzolari (Conference chair) and Khalid Choukri and Christopher Cieri and Thierry Declerck and Sara Goggi and Koiti Hasida and Hitoshi Isahara and Bente Maegaard and Joseph Mariani and Hélène Mazo and Asuncion Moreno and Jan Odijk and Stelios Piperidis and Takenobu Tokunaga},
  publisher = {European Language Resources Association (ELRA)},
  isbn = {979-10-95546-00-9},
  language = {english}
}